@book{atkinson1989numerical,
  author    = {Kendall E. Atkinson},
  title     = {An Introduction to Numerical Analysis},
  publisher = {Wiley},
  year      = {1989},
  edition   = {2nd},
  chapter   = {Chapter 3: Interpolation and Polynomial Approximation}
}@article{henrici1979euler,
  author  = {Peter Henrici},
  title   = {Eulerâ€™s Difference Formula and Its Role in Numerical Analysis},
  journal = {SIAM Review},
  volume  = {21},
  number  = {3},
  year    = {1979},
  pages   = {356--365},
  doi     = {10.1137/1021091}
}@book{boole1880calculus,
  author    = {George Boole},
  title     = {A Treatise on the Calculus of Finite Differences},
  publisher = {Macmillan},
  year      = {1880},
  note      = {A classical reference detailing $\Delta^k$ and its properties}
}@book{euler1748introductio,
  author    = {Leonhard Euler},
  title     = {Introductio in Analysin Infinitorum},
  year      = {1748},
  publisher = {Marcum-Michaelem Bousquet et Socios},
  note      = {Chapter on finite differences and interpolations}
}